@online{1,
	ALTauthor = {author},
	ALTeditor = {editor},
	title = {Умножение матриц},
	date = {date},
	url = {http://www.algolib.narod.ru/Math/Matrix.html},
}

@online{2,
	ALTauthor = {author},
	ALTeditor = {editor},
	title = {std::thread},
	date = {date},
	url = {https://ru.cppreference.com/w/cpp/thread/thread},
}

@online{3,
	ALTauthor = {author},
	ALTeditor = {editor},
	title = {<ctime> (time.h)},
	date = {date},
	url = {http://www.cplusplus.com/reference/ctime/},
}

@online{4,
	ALTauthor = {author},
	ALTeditor = {editor},
	title = {Стандарт языка С++11 согласно ISO.},
	date = {23.12.2019},
	url = {https://isocpp.org/std/the-standard},
}